@onlynote{AAA,
  note = {Lin X, Ma Y, et al. Beta Mixture Model And Boundary Amplification Guided Label Noise Mitigation For PolSAR Image Classification[C]. IEEE International Geoscience and Remote Sensing Symposium 2024 (IGARSS 2024). (已录用)}
}
