
@article{wang1999sanwei,
  title   = {三维矢量散射积分方程中奇异性分析},
  author  = {王浩刚 and 聂在平},
  journal = {电子学报},
  volume  = {27},
  number  = {12},
  pages   = {68 -- 71},
  year    = {1999}
}

@conference{liuxf2006,
  author    = {Liu, X F and Wang, Bing Zhong and Shao, Wei and Wen Wang},
  title     = {A marching-on-in-order scheme for exact attenuation constant extraction of lossy transmission lines},
  year      = {2006},
  pages     = {527-529},
  address   = {Chengdu},
  booktitle = {China-Japan Joint Microwave Conference Proceedings}
}

@book{zhu1973wulixue,
  title     = {物理学},
  author    = {竺可桢},
  year      = {1973},
  address   = {北京},
  pages     = {56-60},
  publisher = {科学出版社}
}

@thesis{chen2001hao,
  author      = {陈念永},
  title       = {毫米波细胞生物效应及抗肿瘤研究},
  institution = {电子科技大学},
  year        = {2001},
  pages       = {50-60},
  address     = {成都}
}

@newspaper{gu2012lao,
  author  = {顾春},
  title   = {牢牢把握稳中求进的总基调},
  journal = {人民日报},
  date    = {2012年3月31日}
}

@techreport{feng997he,
  author      = {冯西桥},
  title       = {核反应堆压力容器的{LBB}分析},
  institution = {清华大学核能技术设计研究院},
  date        = {1997年6月25日},
  address     = {北京}
}

@patent{xiao2012yi,
  author  = {肖珍新},
  title   = {一种新型排渣阀调节降温装置},
  date    = {2012年4月25日},
  type    = {实用新型专利},
  country = {中国},
  id      = {ZL201120085830.0}
}

@standard{zhong1994zhong,
  institution = {中华人民共和国国家技术监督局},
  id          = {GB3100-3102},
  title       = {中华人民共和国国家标准--量与单位},
  publisher   = {中国标准出版社},
  date        = {1994年11月1日},
  address     = {北京}
}

@digital{clerc2010discrete,
  author = {M. Clerc},
  title  = {Discrete particle swarm optimization: a fuzzy combinatorial box},
  type   = {EB/OL},
  date   = {July 16, 2010},
  url    = {http://clere.maurice.free.fr/pso/Fuzzy_Discrere_PSO/Fuzzy_DPSO.htm}
}

@book{路宏敏2006电磁场与电磁波基础,
  title     = {电磁场与电磁波基础},
  author    = {路宏敏 and 赵永久 and 朱满座 and others},
  year      = {2006},
  publisher = {科学出版社}
}

@article{pramudya2019estimation,
  title     = {Estimation of significant wave height of near-range traveling ocean waves using Sentinel-1 SAR images},
  author    = {Pramudya, Fabian Surya and Pan, Jiayi and Devlin, Adam Thomas},
  journal   = {IEEE Journal of Selected Topics in Applied Earth Observations and Remote Sensing},
  volume    = {12},
  number    = {4},
  pages     = {1067--1075},
  year      = {2019},
  publisher = {IEEE}
}

@article{dumitru2018sar,
  title     = {SAR image land cover datasets for classification benchmarking of temporal changes},
  author    = {Dumitru, Corneliu Octavian and Schwarz, Gottfried and Datcu, Mihai},
  journal   = {IEEE Journal of Selected Topics in Applied Earth Observations and Remote Sensing},
  volume    = {11},
  number    = {5},
  pages     = {1571--1592},
  year      = {2018},
  publisher = {IEEE}
}

@article{liu2019small,
  title     = {A small ship target detection method based on polarimetric SAR},
  author    = {Liu, Genwang and Zhang, Xi and Meng, Junmin},
  journal   = {Remote Sensing},
  volume    = {11},
  number    = {24},
  pages     = {2938},
  year      = {2019},
  publisher = {MDPI}
}

@article{liu2016pol,
  title     = {POL-SAR image classification based on Wishart DBN and local spatial information},
  author    = {Liu, Fang and Jiao, Licheng and Hou, Biao and Yang, Shuyuan},
  journal   = {IEEE Transactions on Geoscience and Remote Sensing},
  volume    = {54},
  number    = {6},
  pages     = {3292--3308},
  year      = {2016},
  publisher = {IEEE}
}

@article{liu2019task,
  title     = {Task-oriented GAN for PolSAR image classification and clustering},
  author    = {Liu, Fang and Jiao, Licheng and Tang, Xu},
  journal   = {IEEE transactions on neural networks and learning systems},
  volume    = {30},
  number    = {9},
  pages     = {2707--2719},
  year      = {2019},
  publisher = {IEEE}
}

@article{bi2018graph,
  title     = {A graph-based semisupervised deep learning model for PolSAR image classification},
  author    = {Bi, Haixia and Sun, Jian and Xu, Zongben},
  journal   = {IEEE Transactions on Geoscience and Remote Sensing},
  volume    = {57},
  number    = {4},
  pages     = {2116--2132},
  year      = {2018},
  publisher = {IEEE}
}

@book{皮亦鸣2007合成孔径雷达成像原理,
  title     = {合成孔径雷达成像原理},
  author    = {皮亦鸣 and 杨建宇 and 付毓生 and 杨晓波},
  year      = {2007},
  publisher = {成都: 电子科技大学出版社}
}

@article{sinclair1950transmission,
  title     = {The transmission and reception of elliptically polarized waves},
  author    = {Sinclair, George},
  journal   = {Proceedings of the IRE},
  volume    = {38},
  number    = {2},
  pages     = {148--151},
  year      = {1950},
  publisher = {IEEE}
}

@article{guissard1994mueller,
  title     = {Mueller and Kennaugh matrices in radar polarimetry},
  author    = {Guissard, Albert},
  journal   = {IEEE Transactions on geoscience and remote sensing},
  volume    = {32},
  number    = {3},
  pages     = {590--597},
  year      = {1994},
  publisher = {IEEE}
}

@article{cloude1996review,
  title     = {A review of target decomposition theorems in radar polarimetry},
  author    = {Cloude, Shane R and Pottier, Eric},
  journal   = {IEEE transactions on geoscience and remote sensing},
  volume    = {34},
  number    = {2},
  pages     = {498--518},
  year      = {1996},
  publisher = {IEEE}
}

@article{krogager1990new,
  title   = {New decomposition of the radar target scattering matrix},
  author  = {Krogager, E},
  journal = {Electronics letters},
  volume  = {18},
  number  = {26},
  pages   = {1525--1527},
  year    = {1990}
}

@inproceedings{cameron1990feature,
  title        = {Feature motivated polarization scattering matrix decomposition},
  author       = {Cameron, William L and Leung, Ling K},
  booktitle    = {IEEE International Conference on Radar},
  pages        = {549--557},
  year         = {1990},
  organization = {IEEE}
}

@book{lee2017polarimetric,
  title     = {Polarimetric radar imaging: from basics to applications},
  author    = {Lee, Jong-Sen and Pottier, Eric},
  year      = {2017},
  publisher = {CRC press}
}

@article{cloude1997entropy,
  title     = {An entropy based classification scheme for land applications of polarimetric SAR},
  author    = {Cloude, Shane R and Pottier, Eric},
  journal   = {IEEE transactions on geoscience and remote sensing},
  volume    = {35},
  number    = {1},
  pages     = {68--78},
  year      = {1997},
  publisher = {IEEE}
}

@article{freeman1998three,
  title     = {A three-component scattering model for polarimetric SAR data},
  author    = {Freeman, Anthony and Durden, Stephen L},
  journal   = {IEEE transactions on geoscience and remote sensing},
  volume    = {36},
  number    = {3},
  pages     = {963--973},
  year      = {1998},
  publisher = {IEEE}
}

@article{huynen1988extraction,
  title   = {Extraction of target significant parameter from polarimetric data.},
  author  = {Huynen, Jean Richard},
  journal = {Report no. 103, PQ RESEARCH, LOS ALTOS HILLS},
  year    = {1988}
}

@article{yamaguchi2005four,
  title     = {Four-component scattering model for polarimetric SAR image decomposition},
  author    = {Yamaguchi, Yoshio and Moriyama, Toshifumi and Ishido, Motoi and Yamada, Hiroyoshi},
  journal   = {IEEE Transactions on geoscience and remote sensing},
  volume    = {43},
  number    = {8},
  pages     = {1699--1706},
  year      = {2005},
  publisher = {IEEE}
}

@inproceedings{van1993application,
  title        = {Application of Cloude's target decomposition theorem to polarimetric imaging radar data},
  author       = {van Zyl, Jakob J},
  booktitle    = {Radar polarimetry},
  volume       = {1748},
  pages        = {184--191},
  year         = {1993},
  organization = {SPIE}
}

@inproceedings{holm1988radar,
  title        = {On radar polarization mixed target state decomposition techniques},
  author       = {Holm, William A and Barnes, Richard M},
  booktitle    = {Proceedings of the 1988 IEEE national radar conference},
  pages        = {249--254},
  year         = {1988},
  organization = {IEEE}
}

@inproceedings{hu2018squeeze,
  title     = {Squeeze-and-excitation networks},
  author    = {Hu, Jie and Shen, Li and Sun, Gang},
  booktitle = {Proceedings of the IEEE conference on computer vision and pattern recognition},
  pages     = {7132--7141},
  year      = {2018}
}

@inproceedings{nair2010rectified,
  title     = {Rectified linear units improve restricted boltzmann machines},
  author    = {Nair, Vinod and Hinton, Geoffrey E},
  booktitle = {Proceedings of the 27th international conference on machine learning (ICML-10)},
  pages     = {807--814},
  year      = {2010}
}

@inproceedings{woo2018cbam,
  title     = {Cbam: Convolutional block attention module},
  author    = {Woo, Sanghyun and Park, Jongchan and Lee, Joon-Young and Kweon, In So},
  booktitle = {Proceedings of the European conference on computer vision (ECCV)},
  pages     = {3--19},
  year      = {2018}
}

@article{甘甜2015面向对象的高分辨率遥感影像建筑物震害信息提取,
  title   = {面向对象的高分辨率遥感影像建筑物震害信息提取},
  author  = {甘甜 and 李金平 and 李小强 and 王刘伟},
  journal = {测绘工程},
  number  = {4},
  pages   = {11--15},
  year    = {2015}
}

@article{tu2020robust,
  title     = {Robust learning of mislabeled training samples for remote sensing image scene classification},
  author    = {Tu, Bing and Kuang, Wenlan and He, Wangquan and Zhang, Guoyun and Peng, Yishu},
  journal   = {IEEE Journal of Selected Topics in Applied Earth Observations and Remote Sensing},
  volume    = {13},
  pages     = {5623--5639},
  year      = {2020},
  publisher = {IEEE}
}

@article{uhlmann2013integrating,
  title     = {Integrating color features in polarimetric SAR image classification},
  author    = {Uhlmann, Stefan and Kiranyaz, Serkan},
  journal   = {IEEE Transactions on Geoscience and Remote Sensing},
  volume    = {52},
  number    = {4},
  pages     = {2197--2216},
  year      = {2013},
  publisher = {IEEE}
}

@article{liu2016large,
  title     = {Large polarimetric SAR data semi-supervised classification with spatial-anchor graph},
  author    = {Liu, Hongying and Wang, Yikai and Yang, Shuyuan and Wang, Shuang and Feng, Jie and Jiao, Licheng},
  journal   = {IEEE Journal of Selected Topics in Applied Earth Observations and Remote Sensing},
  volume    = {9},
  number    = {4},
  pages     = {1439--1458},
  year      = {2016},
  publisher = {IEEE}
}

@article{rignot1992unsupervised,
  title   = {Unsupervised segmentation of polarimetric SAR data using the covariance matrix},
  author  = {Rignot, Eric and Chellappa, Rama and Dubois, Pascale},
  journal = {IEEE Transactions on Geoscience and Remote Sensing},
  volume  = {30},
  number  = {4},
  pages   = {697--705},
  year    = {1992}
}

@article{pierce1994knowledge,
  title     = {Knowledge-based classification of polarimetric SAR images},
  author    = {Pierce, Leland E and Ulaby, Fawwaz T and Sarabandi, Kamal and Dobson, Myron Craig},
  journal   = {IEEE Transactions on Geoscience and Remote Sensing},
  volume    = {32},
  number    = {5},
  pages     = {1081--1086},
  year      = {1994},
  publisher = {IEEE}
}

@article{1988Identification,
  title   = {Identification of terrain cover using the optimal terrain classifier},
  author  = { Kong, J. A. },
  journal = {J. Electronmagn. Waves Applicat},
  volume  = {2},
  year    = {1988}
}

@article{2001Quantitative,
  title   = {Quantitative comparison of classification capability: fully polarimetric versus dual and single-polarization SAR},
  author  = { Lee, Jong Sen  and  Grunes, Mitchell R.  and  Pottier, Eric },
  journal = {Geoscience & Remote Sensing IEEE Transactions on},
  volume  = {39},
  number  = {11},
  pages   = {2343-2351},
  year    = {2001}
}

@mastersthesis{1017062722.nh,
  author = {丁尧},
  title  = {基于多特征融合的高分辨率极化SAR图像分类方法研究},
  school = {电子科技大学},
  year   = {2018}
}

@article{huynen1970phenomenological,
  title   = {Phenomenological theory of radar target},
  author  = {Huynen, Jean Richard},
  journal = {Ph. D. Dissertation, Technology University Delft},
  year    = {1970}
}

@inproceedings{huynen1990stokes,
  title        = {Stokes matrix parameters and their interpretation in terms of physical target properties},
  author       = {Huynen, Jean Richard},
  booktitle    = {Polarimetry: Radar, infrared, visible, ultraviolet, and X-ray},
  volume       = {1317},
  pages        = {195--207},
  year         = {1990},
  organization = {SPIE}
}

@article{tu2011laplacian,
  title     = {Laplacian eigenmaps-based polarimetric dimensionality reduction for SAR image classification},
  author    = {Tu, Shang Tan and Chen, Jia Yu and Yang, Wen and Sun, Hong},
  journal   = {IEEE Transactions on Geoscience and Remote Sensing},
  volume    = {50},
  number    = {1},
  pages     = {170--179},
  year      = {2011},
  publisher = {IEEE}
}

@article{haralick1973textural,
  title     = {Textural features for image classification},
  author    = {Haralick, Robert M and Shanmugam, Karthikeyan and Dinstein, Its' Hak},
  journal   = {IEEE Transactions on systems, man, and cybernetics},
  number    = {6},
  pages     = {610--621},
  year      = {1973},
  publisher = {Ieee}
}

@article{fauvel2008spectral,
  title     = {Spectral and spatial classification of hyperspectral data using SVMs and morphological profiles},
  author    = {Fauvel, Mathieu and Benediktsson, J{\'o}n Atli and Chanussot, Jocelyn and Sveinsson, Johannes R},
  journal   = {IEEE Transactions on Geoscience and Remote Sensing},
  volume    = {46},
  number    = {11},
  pages     = {3804--3814},
  year      = {2008},
  publisher = {IEEE}
}

@article{he2013texture,
  title     = {Texture classification of PolSAR data based on sparse coding of wavelet polarization textons},
  author    = {He, Chu and Li, Shuang and Liao, Zixian and Liao, Mingsheng},
  journal   = {IEEE Transactions on Geoscience and Remote Sensing},
  volume    = {51},
  number    = {8},
  pages     = {4576--4590},
  year      = {2013},
  publisher = {IEEE}
}

@inproceedings{ji2015segmentation,
  title        = {An segmentation-based PolSAR image classification method via texture features and color features},
  author       = {Ji, Yaqi and Cheng, Jian and Liu, Haijun and Wang, Haixu},
  booktitle    = {2015 IEEE Radar Conference (RadarCon)},
  pages        = {0083--0088},
  year         = {2015},
  organization = {IEEE}
}

@article{zhang2021understanding,
  title     = {Understanding deep learning (still) requires rethinking generalization},
  author    = {Zhang, Chiyuan and Bengio, Samy and Hardt, Moritz and Recht, Benjamin and Vinyals, Oriol},
  journal   = {Communications of the ACM},
  volume    = {64},
  number    = {3},
  pages     = {107--115},
  year      = {2021},
  publisher = {ACM New York, NY, USA}
}

@inproceedings{wang2018iterative,
  title     = {Iterative learning with open-set noisy labels},
  author    = {Wang, Yisen and Liu, Weiyang and Ma, Xingjun and Bailey, James and Zha, Hongyuan and Song, Le and Xia, Shu-Tao},
  booktitle = {Proceedings of the IEEE conference on computer vision and pattern recognition},
  pages     = {8688--8696},
  year      = {2018}
}